@misc{Lyuapanov_exponent,
  author = {Gonkee},
  title = {{C}haos {T}heory: the language of (in)stability},
  howpublished = {\url{https://www.youtube.com/watch?v=uzJXeluCKMs}},
  year = {2021},
}

@misc{Schuller,
	author = {Frederic Schuller},
	title = {{L}ectures on {G}eometrical {A}natomy of {T}heoretical {P}hysics},
	howpublished = {\url{https://youtube.com/playlist?list=PLPH7f_7ZlzxTi6kS4vCmv4ZKm9u8g5yic&si=KyiLJY6506y5c9PF}},
	year = {},
	note = {[Accessed 25-11-2023]},
}

@misc{nlab:configuration_space_(physics),
  author = {{nLab authors}},
  title = {configuration space (physics)},
  howpublished = {\url{https://ncatlab.org/nlab/show/configuration+space+%28physics%29}},
  note = {\href{https://ncatlab.org/nlab/revision/configuration+space+%28physics%29/9}{Revision 9}},
  month = dec,
  year = 2023
}

@misc{nlab:loop_space,
  author = {{nLab authors}},
  title = {loop space},
  howpublished = {\url{https://ncatlab.org/nlab/show/loop+space}},
  note = {\href{https://ncatlab.org/nlab/revision/loop+space/41}{Revision 41}},
  month = dec,
  year = 2023
}

@misc{nlab:bundle,
  author = {{nLab authors}},
  title = {bundle},
  howpublished = {\url{https://ncatlab.org/nlab/show/bundle}},
  note = {\href{https://ncatlab.org/nlab/revision/bundle/23}{Revision 23}},
  month = dec,
  year = 2023
}

@misc{nlab:poincaré_lemma,
  author = {{nLab authors}},
  title = {{{P}}oincaré lemma},
  howpublished = {\url{https://ncatlab.org/nlab/show/Poincar%C3%A9+lemma}},
  note = {\href{https://ncatlab.org/nlab/revision/Poincar%C3%A9+lemma/23}{Revision 23}},
  month = dec,
  year = 2023
}

@misc{nlab:contractible_space,
  author = {{nLab authors}},
  title = {contractible space},
  howpublished = {\url{https://ncatlab.org/nlab/show/contractible+space}},
  note = {\href{https://ncatlab.org/nlab/revision/contractible+space/19}{Revision 19}},
  month = dec,
  year = 2023
}

@misc{nlab:homotopy,
  author = {{nLab authors}},
  title = {homotopy},
  howpublished = {\url{https://ncatlab.org/nlab/show/homotopy}},
  note = {\href{https://ncatlab.org/nlab/revision/homotopy/34}{Revision 34}},
  month = dec,
  year = 2023
}

@misc{nlab:connected_space,
  author = {{nLab authors}},
  title = {connected space},
  howpublished = {\url{https://ncatlab.org/nlab/show/connected+space}},
  note = {\href{https://ncatlab.org/nlab/revision/connected+space/105}{Revision 105}},
  month = dec,
  year = 2023
}

@misc{wikipediaHomotopicalConnectivity,
	author = {Wikipedia contributors},
	title = {{H}omotopical connectivity --- {W}ikipedia{,} The Free Encyclopedia},
	howpublished = {\url{https://en.wikipedia.org/wiki/Homotopical_connectivity#Definition_using_holes}},
	year = {2004},
    note = "[Online; accessed 02-12-2023]"
}